<?xml version="1.0" encoding="UTF-8"?><collection xmlns="http://www.loc.gov/MARC21/slim"><record><leader>00562nam--2200181-i-4500</leader><controlfield tag="001">000016327</controlfield><controlfield tag="002">20161230</controlfield><controlfield tag="005">20161230201031</controlfield><controlfield tag="008">060222s1000------------r-----000-0-fre-d</controlfield><datafield ind1=" " ind2=" " tag="040"><subfield code="a">IFIN-HH</subfield></datafield><datafield ind1=" " ind2=" " tag="041"><subfield code="a">fre</subfield></datafield><datafield ind1=" " ind2=" " tag="080"><subfield code="a">539.216.2(043)</subfield></datafield><datafield ind1="1" ind2=" " tag="100"><subfield code="a">Cachard, Alain</subfield></datafield><datafield ind1="1" ind2="0" tag="245"><subfield code="a">Contribution a l'etude d'oxydes en couches minces. origine de la resistence differentielle ne gative dans les systemes metal</subfield><subfield code="b">These</subfield><subfield code="c">Alain cachard</subfield></datafield><datafield ind1=" " ind2=" " tag="260"><subfield code="a">Lyon</subfield><subfield code="b">Universite Claude Bernard</subfield><subfield code="c">1971</subfield></datafield><datafield ind1=" " ind2=" " tag="300"><subfield code="a">165 P</subfield></datafield><datafield ind1=" " ind2=" " tag="852"><subfield code="a">78114</subfield><subfield code="c">539.23</subfield></datafield><datafield ind1=" " ind2=" " tag="CAT"><subfield code="a">Sys</subfield><subfield code="c">20121219</subfield><subfield code="h">144006</subfield></datafield></record></collection>